@article{Hebert_2019,
   title={High-Resolution Road Vehicle Collision Prediction for the City of Montreal},
   ISBN={9781728108582},
   url={http://dx.doi.org/10.1109/BigData47090.2019.9006009},
   DOI={10.1109/bigdata47090.2019.9006009},
   journal={2019 IEEE International Conference on Big Data (Big Data)},
   publisher={IEEE},
   author={Hebert, Antoine and Guedon, Timothee and Glatard, Tristan and Jaumard, Brigitte},
   year={2019},
   month={Dec}
}
