






@article{doi:10.1080/12265934.2018.1431146,
author = {Subasish Das and Anandi Dutta and Raul Avelar and Karen Dixon and Xiaoduan Sun and Mohammad Jalayer},
title = {Supervised association rules mining on pedestrian crashes in urban areas: identifying patterns for appropriate countermeasures},
journal = {International Journal of Urban Sciences},
volume = {23},
number = {1},
pages = {30-48},
year  = {2019},
publisher = {Routledge},
doi = {10.1080/12265934.2018.1431146},

URL = { 
        https://doi.org/10.1080/12265934.2018.1431146
    
},
eprint = { 
        https://doi.org/10.1080/12265934.2018.1431146
    
}

}


